<?xml version="1.0" encoding="UTF-8"?><collection xmlns="http://www.loc.gov/MARC21/slim"><record><leader>00400nam--2200121-i-4500</leader><controlfield tag="001">000019335</controlfield><controlfield tag="002">20161230</controlfield><controlfield tag="005">20161230201033</controlfield><controlfield tag="008">060222s1000------------r-----000-0-eng-d</controlfield><datafield ind1=" " ind2=" " tag="080"><subfield code="a">631.318.5:025.3</subfield></datafield><datafield ind1=" " ind2=" " tag="245"><subfield code="a">Engineers  realy handbook. revised second edition, sponsored by the national association of relay manufacturers</subfield></datafield><datafield ind1=" " ind2=" " tag="260"><subfield code="a">New York, Hayden Book Comp., Inc., 1969. Xii + 355 P</subfield></datafield><datafield ind1=" " ind2=" " tag="852"><subfield code="a">36586</subfield></datafield></record></collection>